@article{small,
author = {Freely, I.P.},
title = {A small paper},
journal = {The journal of small papers},
year = 1997,
volume = {-1},
note = {to appear},
}

@article{ds18s20,
author = {maxim integrated},
title = {DS18S20 - High-Precision 1-Wire Digital Thermometer},
journal = {\url{http://datasheets.maximintegrated.com/en/ds/DS18S20.pdf}},
year = 2010,
}